 @phdthesis{mephd2014,
  author={Myself, Roberto},
  title={A great memoir},
  school={UCXDX},
  year={2014},
  note={unpublished thesis}
 }
 @phdthesis{mepdh2014bis,
  author={Myself, Roberto},
  title={A great memoir},
  school={UCXDX},
  year={2014},
  addendum={unpublished thesis}
 }
 @unpublished{meunpub2014,
  author={Myself, Roberto},
  title={A great memoir},
  school={UCXDX},
  year={2014},
  note={unpublished thesis}
 }
 @unpublished{meunpub2014bis,
  author={Myself, Roberto},
  title={A great memoir},
  school={UCXDX},
  year={2014},
  addendum={unpublished thesis}
 }
