 @thesis{Yagiz,
  author={Oezkan, Hasan Yagiz},
  title={Minimalistic Frame structure building and bottleneck analysis for LLDN with OpenWSN},
  school={TUM},
  year={2016},
  note={Bachelor thesis}
 }
 @misc{Craig.Peacock@beyondlogic.org,
  title = {USB in nutshell},
  howpublished = {\url{http://www.beyondlogic.org/usbnutshell/usb4.shtml#Bulk}},
  note = {Accessed: 2017-10-12}
 }
