@Article{griswold90,
  author =   {Griswold, J. S. and Lightle, T. L. and Lovelady, J. G.},
  title =    {{Hurricane Hugo: Effect On State Government Communications.}},
  journal =      {IEEE Communications Magazine},
  year =     1990,
  volume =   28,
  number =   6,
  pages =    {12-17}
}

@Book{eberspaecher97,
  author =   {Ebersp"acher, J. and V"ogel, H.-J.},
  title =    {{GSM - Global System for Mobile Communication.
        Vermittlung, Dienste und Protokolle in digitalen Mobilfunknetzen.}},
  publisher =    {Teubner, Stuttgart},
  year =     1997
}

@Misc{arnaud99,
  author =   {Arnaud, B.~St.},
  title =    {{Gigabit Internet to every Canadian Home by 2005}},
  howpublished = {\url{http://www.canet2.net/archeng/home.html}},
  year =     1999
}

@Article{ETT:ETT2558,
author = {Watteyne, Thomas and Vilajosana, Xavier and Kerkez, Branko and Chraim, Fabien and Weekly, Kevin and Wang, Qin and Glaser, Steven and Pister, Kris},
title = {{OpenWSN: a standards-based low-power wireless development environment}},
year = {2012},
}

