@article {ETT:ETT2558,
author = {Watteyne, Thomas and Vilajosana, Xavier and Kerkez, Branko and Chraim, Fabien and Weekly, Kevin and Wang, Qin and Glaser, Steven and Pister, Kris},
title = {OpenWSN: a standards-based low-power wireless development environment},
journal = {Transactions on Emerging Telecommunications Technologies},
volume = {23},
number = {5},
publisher = {John Wiley & Sons, Ltd},
issn = {2161-3915},
url = {http://dx.doi.org/10.1002/ett.2558},
doi = {10.1002/ett.2558},
pages = {480--493},
year = {2012},
}
