@article{GADDOUR20123163,
title = "RPL in a nutshell: A survey",
journal = "Computer Networks",
volume = "56",
number = "14",
pages = "3163 - 3178",
year = "2012",
issn = "1389-1286",
doi = "https://doi.org/10.1016/j.comnet.2012.06.016",
url = "http://www.sciencedirect.com/science/article/pii/S1389128612002423",
author = "Olfa Gaddour and Anis Koub√¢a",
keywords = "RPL, Routing protocols, Low power and lossy networks (LLNs), ROLL IETF, Performance evaluation, Experimentation"
}